<?xml version="1.0" encoding="UTF-8"?><collection xmlns="http://www.loc.gov/MARC21/slim"><record><leader>00454nam--2200181-i-4500</leader><controlfield tag="001">000037339</controlfield><controlfield tag="002">20161230</controlfield><controlfield tag="005">20161230201041</controlfield><controlfield tag="008">060222s1000------------r-----000-0-rus-d</controlfield><datafield ind1=" " ind2=" " tag="040"><subfield code="a">IFIN-HH</subfield></datafield><datafield ind1=" " ind2=" " tag="041"><subfield code="a">rus</subfield></datafield><datafield ind1=" " ind2=" " tag="080"><subfield code="a">53(09)</subfield></datafield><datafield ind1="1" ind2=" " tag="110"><subfield code="a">Bilgarska Akademia Na Naukite</subfield></datafield><datafield ind1="1" ind2="0" tag="245"><subfield code="a">Nils bor i fizikata na xx vek</subfield></datafield><datafield ind1=" " ind2=" " tag="260"><subfield code="a">Sofia</subfield><subfield code="b">Bilbarskata Akademia An Naukite</subfield><subfield code="c">1986</subfield></datafield><datafield ind1=" " ind2=" " tag="300"><subfield code="a">191P</subfield></datafield><datafield ind1=" " ind2=" " tag="852"><subfield code="a">73543</subfield><subfield code="c">53</subfield></datafield><datafield ind1=" " ind2=" " tag="CAT"><subfield code="a">Sys</subfield><subfield code="c">20150807</subfield><subfield code="h">132158</subfield></datafield></record></collection>